% list of other stuff:
% https://ftp.math.utah.edu/pub/tex/bib/isostd.html

@online{kicad,
    author = {KiCad},
    title = {KiCad EDA – A Cross Platform and Open Source Electronics Design Automation Suite},
    url = {https://www.kicad.org/},
    urldate = {2024-08-08},
    note = {[Online]}
}

@online{jlc,
    author = {JLCPCB},
    title = {PCB Prototype \& PCB Fabrication Manufacturer - JLCPCB},
    url = {https://jlcpcb.com},
    note = {[Online]},
    urldate = {2024-08-08}
}

@online{git,
    title = {Git is a fast and efficient tool for managing small to large projects with branching, staging, and workflows.},
    url = {https://git-scm.com/},
    note = {[Online]},
    urldate = {2024-08-08}
}



@INPROCEEDINGS{7836493,
    author={Billeter, Markus and Röthlin, Gerhard and Wezel, Jan and Iwai, Daisuke and Grundhöfer, Anselm},
    booktitle={2016 IEEE International Symposium on Mixed and Augmented Reality (ISMAR-Adjunct)}, 
    title={A LED-Based IR/RGB End-to-End Latency Measurement Device}, 
    year={2016},
    volume={},
    number={},
    pages={184-188},
    keywords={Cameras;Light emitting diodes;Hardware;Reflective binary codes;Clocks;Standards;H.5.2 [HCI]: User Interfaces—Benchmarking},
    doi={10.1109/ISMAR-Adjunct.2016.0072}}
}

@INPROCEEDINGS{6044360,
    author={Zheng, Dongfang and Cui, Kaiyun and Bai, Bo and Chen, Gang and Farrell, Jay A},
    booktitle={2011 IEEE International Conference on Control Applications (CCA)}, 
    title={Indoor localization based on LEDs}, 
    year={2011},
    volume={},
    number={},
    pages={573-578},
    keywords={Light emitting diodes;Cameras;Photodiodes;Position measurement;Robot vision systems;Arrays},
    doi={10.1109/CCA.2011.6044360}}
}

@article{data-matrix,
    author = {Huang, Qiang and Chen, Wen-Sheng and Huang, Xiao-Yan and Zhu, Yingying},
    year = {2012},
    month = {04},
    pages = {},
    title = {Data Matrix Code Location Based on Finder Pattern Detection and Bar Code Border Fitting},
    volume = {2012},
    journal = {Mathematical Problems in Engineering},
    doi = {10.1155/2012/515296}
}


@online{cpp,
    title = {C++ standard},
    urldate = {2024-08-08},
    note = {[Online]},
    url = {https://isocpp.org/std/the-standard}
}

@online{stackoverflow,
    title = {StackOverflow | Where Developers Learn, Share, \& Build Careers},
    urldate = {2024-08-08},
    note = {[Online]},
    url = {https://stackoverflow.com/}
}

@online{stackexchange,
    title = {StackExchange | Stack Overflow and the Stack Exchange network help people find the answers they need, when they need them},
    urldate = {2024-08-08},
    note = {[Online]},
    url = {https://stackexchange.com/}
}

@online{mathexchange,
    title = {Mathematics Stack Exchange},
    urldate = {2024-08-08},
    note = {[Online]},
    url = {https://math.stackexchange.com/}
}

@online{opencv-threshold,
    title = {OpenCV Thresholding (cv2.threshold)},
    urldate = {2024-08-08},
    note = {[Online]},
    url = {https://pyimagesearch.com/2021/04/28/opencv-thresholding-cv2-threshold/}
}

@online{mobaxterm,
    title = {MobaXterm – Enhanced terminal for Windows with X11 server, tabbed SSH client, network tools and much more},
    urldate = {2024-08-08},
    note = {[Online]},
    url = {https://mobaxterm.mobatek.net/}
}

@online{opencv,
    title = {OpenCV – Open Source Computer Vision},
    urldate = {2024-08-08},
    note = {[Online]},
    url = {https://docs.opencv.org/4.x/}
}

@online{numpy,
    title = {NumPy – The fundamental package for scientific computing with Python},
    urldate = {2024-08-08},
    note = {[Online]},
    url = {https://numpy.org/}
}

@online{scipy,
    title = {SciPy – Fundamental algorithms for scientific computing in Python},
    urldate = {2024-08-08},
    note = {[Online]},
    url = {https://scipy.org/}
}

@online{mpl,
    title = {Matplotlib: Visualization with Python},
    urldate = {2024-08-08},
    note = {[Online]},
    url = {https://matplotlib.org/}
}

@online{python,
    title = {Welcome to Python.org},
    urldate = {2024-08-08},
    note = {[Online]},
    url = {https://www.python.org/}
}

@online{linux,
    title = {Linux – Wikipedia},
    urldate = {2024-08-08},
    note = {[Online]},
    url = {https://en.wikipedia.org/wiki/Linux}
}

@online{windows,
    title = {Microsoft Windows – Wikipedia},
    urldate = {2024-08-08},
    note = {[Online]},
    url = {https://en.wikipedia.org/wiki/Microsoft_Windows}
}

@online{stm32cube,
    title = {STM32CubeIDE – Integrated Development Environment for STM32},
    urldate = {2024-08-08},
    note = {[Online]},
    url = {https://www.st.com/en/development-tools/stm32cubeide.html}
}

@online{prusa-slicer,
    title = {PrusaSlicer 2.8.0. An open-source, feature-rich, frequently updated tool that contains everything you need to export the perfect print files for your 3D printer},
    urldate = {2024-08-08},
    note = {[Online]},
    url = {https://www.prusa3d.com/page/prusaslicer_424/}
}

@online{prusa-mk4,
    title = {Original Prusa MK4 3D Printer},
    urldate = {2024-08-08},
    note = {[Online]},
    url = {https://www.prusa3d.com/product/original-prusa-mk4-2/}
}

@online{geeks,
    title = {GeeksforGeeks | A computer science portal for geeks},
    urldate = {2024-08-08},
    note = {[Online]},
    url = {https://www.geeksforgeeks.org/}
}

@online{vim,
    title = {Vim – the ubiquitous text editor},
    urldate = {2024-08-08},
    note = {[Online]},
        url = {https://www.vim.org/}
    }

@online{neovim,
    title = {neovim – hyperextensible Vim-based text editor},
    urldate = {2024-08-08},
    note = {[Online]},
    url = {https://neovim.io/}
}

@online{github,
    title = {GitHub: Let's build from here · GitHub},
    urldate = {2024-08-08},
    note = {[Online]},
    url = {https://github.com/}
}

@online{libreoffice,
    title = {Home | LibreOffice - Free and private office suite},
    urldate = {2024-08-08},
    note = {[Online]},
    url = {https://www.libreoffice.org/}
}

@online{fusion,
    title = {Autodesk Fusion | Free Software for Students and Educators},
    urldate = {2024-08-08},
    note = {[Online]},
    url = {https://www.autodesk.com/education/edu-software/fusion}
}

@online{voltcraft,
    title = {VOLTCRAFT DSO-2154 150MHz 4 Ch 1GS/s 80kpts 8 Bit Digital Storage Oscilloscope},
    urldate = {2024-08-08},
    note = {[Online]},
    url = {https://www.rapidonline.com/voltcraft-dso-2154-150mhz-4-ch-1gs-s-80kpts-8-bit-digital-storage-oscilloscope-65-4568}
}

@online{ids,
    title = {UI-3250CP Rev. 2 - ids-imaging.us},
    urldate = {2024-08-08},
    note = {[Online]},
    url = {https://www.ids-imaging.us/store_us/ui-3250cp-rev-2.html}
}

@online{aos,
    title = {AOS Promon U | CHROMOS Industrial},
    urldate = {2024-08-08},
    note = {[Online]},
    url = {https://www.chromos.ch/industrial/en/products/highspeed/hs-cameras/aos-promon-u/}
}

@online{a52,
    title = {Galaxy A52 5G | Features \& Specs | Samsung US},
    urldate = {2024-08-08},
    note = {[Online]},
    url = {https://www.samsung.com/us/smartphones/galaxy-a52-5g/}
}

@online{excalidraw,
    title = {Excalidraw | Hand-drawn look \& feel • Collaborative • Secure},
    urldate = {2024-08-08},
    note = {[Online]},
    url = {https://excalidraw.com/}
}

@online{rolling-global,
    title = {Rolling vs Global Shutter},
    urldate = {2024-08-09},
    note = {[Online]},
    url = {https://www.photometrics.com/learn/advanced-imaging/rolling-vs-global-shutter}
}

@online{digikey,
    title = {DigiKey - Electronic Components Distributor},
    urldate = {2024-08-08},
    note = {[Online]},
    url = {https://www.digikey.com/}
}

